@STRING{acl = {Association for Computational Linguistics}}

@STRING{acl41 = {Proceedings of the 41st Annual Meeting of the Association for Computational
	Linguistics}}

@STRING{acl41eds = {Erhard Hinrichs and Dan Roth}}

@STRING{acl41loc = {Sapporo, Japan}}

@STRING{acl41poster = {ACL-2003 Interactive Posters and Demonstrations Companion Volume
	to the Proceedings of 41st Annual Meeting of the Association for
	Computational Linguistics}}

@STRING{acl41postereditor = {Yuji Matsumoto}}

@STRING{acl41stud = {Proceedings of the ACL-2003 Student Research Workshop, Companion
	Volume to the Proceedings of 41st Annual Meeting of the Association
	for Computational Linguistics}}

@STRING{acl41studeditors = {Kotaro Funakoshi and Sandra K\"{u}bler and Jahna Otterbacher}}

@STRING{CambridgeUSA = {Cambridge, MA}}

@book{mittelbach2004latex,
  title={The LaTeX companion},
  author={Mittelbach, F. and Goossens, M. and Braams, J. and Rowley, C.},
  isbn={9780201362992},
  lccn={2003070810},
  series={Addison-Wesley series on tools and techniques for computer typesetting},
  url={http://books.google.com/books?id=ngwZAQAAIAAJ},
  year={2004},
  publisher={Addison-Wesley}
}

@article{saund:94,
Abstract = {This paper presents a formulation for unsupervised learning of clusters reflecting multiple causal structure in binary data. Unlike the ''hard'' k-means clustering algorithm and the ``soft" mixture model, each of which assumes that a single hidden event generates each data point, a multiple cause model accounts for observed data by combining assertions from many hidden causes, each of which can pertain to varying degree to any subset of the observable dimensions. We employ an objective function and iterative gradient descent learning algorithm resembling the conventional mixture model. A crucial issue is the mixing function for combining beliefs from different cluster centers in order to generate data predictions whose errors are minimized both during recognition and learning. The mixing function constitutes a prior assumption about underlying structural regularities of the data domain; we demonstrate a weakness inherent to the popular weighted sum followed by sigmoid squashing, and},
Author = {Eric Saund},
Journal = {Neural Computation},
Keywords = {COMPUTER SCIENCE, ARTIFICIAL INTELLIGENCE, NEUROSCIENCES},
Number = {1},
Pages = {51-71},
Title = {A MULTIPLE CAUSE MIXTURE MODEL FOR UNSUPERVISED LEARNING},
Volume = {7},
Year = {1994}
}

@inproceedings{sahami-et-al:96,
  author = {Mehran Sahami and Marti A. Hearst and Eric Saund},
  title     = {Applying the Multiple Cause Mixture Model to Text Categorization},
  booktitle = {Proceedings of the Thirteenth International Conference on Machine Learning (ICML)},
  year      = {1996},
  pages     = {435-443}
}

@ARTICLE{hammarstrom:2011,
Abstract = {This article surveys work on Unsupervised Learning of Morphology. We define Unsupervised Learning of Morphology as the problem of inducing a description (of some kind, even if only morpheme segmentation) of how orthographic words are built up given only raw text data of a language. We briefly go through the history and motivation of this problem. Next, over 200 items of work are listed with a brief characterization, and the most important ideas in the field are critically discussed. We summarize the achievements so far and give pointers for future developments.},
Author = {Hammarstr\"om, Harald and Borin, Lars},
Journal = {Computational Linguistics},
Title = {Unsupervised Learning of Morphology},
Pages = {309 - 350},
Volume = {37},
Number = {2},
Year = {2011}
}

@INPROCEEDINGS{chan:2006,
    author = {Erwin Chan},
    title = {Learning probabilistic paradigms for morphology in a latent class model},
    booktitle = {In Proceedings of the Eighth Meeting of the ACL Special Interest Group on Computational Phonology and Morphology at {HLT-NAACL} 2006},
    year = {2006}
}

@INPROCEEDINGS{snover:2002,
    author = {Matthew G. Snover and Gaja E. Jarosz and Michael R. Brent},
    title = {Unsupervised learning of morphology using a novel directed search algorithm: Taking the first step},
    booktitle = {In Proceedings of the ACL Workshop on Morphological & Phonological Learning},
    year = {2002},
    pages = {11--20}
}

@INPROCEEDINGS{snyder-and-barzilay:2008,
    author = {Benjamin Snyder and Regina Barzilay},
    title = {Unsupervised multilingual learning for morphological segmentation},
    booktitle = {In The Annual Conference of the Association for Computational Linguistics},
    year = {2008}
}

@ARTICLE{goldsmith:2001,
    author = {John Goldsmith},
    title = {Unsupervised Learning of the Morphology of a Natural Language},
    journal = {Computational Linguistics},
    year = {2001},
    volume = {27},
    pages = {153--198}
}

@MISC{schone-and-jurafsky:2000,
    author = {Patrick Schone and Daniel Jurafsky},
    title = {Knowledge-Free Induction of Morphology Using Latent Semantic Analysis},
    year = {2000}
}

@MISC{ristad:1997,
    author = {Eric Sven Ristad and Peter N. Yianilos},
    title = {Learning String Edit Distance},
    year = {1997}
}

@INPROCEEDINGS{poon-et-al:2009,
    author = {Hoifung Poon and Colin Cherry and Kristina Toutanova},
    title = {Unsupervised morphological segmentation with log-linear models},
    booktitle = {In ACL. Ariya Rastrow, Abhinav Sethy, and Bhuvana Ramabhadran},
    year = {2009}
}

@MISC{dayan-et-al:1995,
    author = {Peter Dayan and Geoffrey E. Hinton and Radford M. Neal and Richard S. Zemel},
    title = {The Helmholtz Machine},
    year = {1995}
}

@MISC{hinton-and-zemel:1994,
    author = {Geoffrey E. Hinton and Richard S. Zemel},
    title = {Autoencoders, Minimum Description Length and Helmholtz Free Energy},
    year = {1994}
}

@ARTICLE{dayan-and-zemel:95,
    author = {Peter Dayan and Richard S Zemel},
    title = {Competition and multiple cause models},
    journal = {Neural Computation},
    year = {1995},
    volume = {7},
    pages = {565--579}
}

@book{pearl:1988,
  title={Probabilistic reasoning in intelligent systems: networks of plausible inference},
  author={Pearl, Judea},
  year={1988},
  publisher={Morgan Kaufmann},
  address={San Francisco}
}

@inproceedings{naradowsky-and-toutanova:2011,
  title={Unsupervised bilingual morpheme segmentation and alignment with context-rich hidden semi-Markov models},
  author={Naradowsky, Jason and Toutanova, Kristina},
  booktitle={Proceedings of the 49th Annual Meeting of the Association for Computational Linguistics: Human Language Technologies},
  pages={895--904},
  year={2011}
}

@inproceedings{moon-et-al:2009,
  title={Unsupervised morphological segmentation and clustering with document boundaries},
  author={Moon, Taesun and Erk, Katrin and Baldridge, Jason},
  booktitle={Proceedings of the 2009 Conference on Empirical Methods in Natural Language Processing: Volume 2},
  pages={668--677},
  year={2009},
  organization={Association for Computational Linguistics}
}

@inproceedings{neuvel-and-fulop:2002,
  title={Unsupervised learning of morphology without morphemes},
  author={Neuvel, Sylvain and Fulop, Sean A},
  booktitle={Proceedings of the ACL-02 workshop on Morphological and phonological learning-Volume 6},
  pages={31--40},
  year={2002},
  organization={Association for Computational Linguistics}
}

@article{goldsmith:2006,
  title={An algorithm for the unsupervised learning of morphology},
  author={Goldsmith, John},
  journal={Natural Language Engineering},
  volume={12},
  number={04},
  pages={353--371},
  year={2006},
  publisher={Cambridge University Press}
}

@inproceedings{rodrigues-and-cavar:2005,
  title={Learning Arabic morphology using information theory},
  author={Rodrigues, Paul and {\'C}avar, Damir},
  booktitle={Proceedings from the Annual Meeting of the Chicago Linguistic Society},
  pages={49--58},
  year={2005},
  organization={Chicago Linguistic Society}
}

@inproceedings{cozman:2004,
  title={Axiomatizing noisy-OR},
  author={Cozman, Fabio G},
  booktitle={ECAI},
  volume={16},
  pages={979},
  year={2004}
}

@article{goldsmith-and-xanthos:2009,
  title={Learning phonological categories},
  author={Goldsmith, John and Xanthos, Aris},
  journal={Language},
  volume={85},
  number={1},
  pages={4--38},
  year={2009},
  publisher={Linguistic Society of America}
}

@article{daya-et-al:2008,
  title={Identifying Semitic roots: Machine learning with linguistic constraints},
  author={Daya, Ezra and Roth, Dan and Wintner, Shuly},
  journal={Computational Linguistics},
  volume={34},
  number={3},
  pages={429--448},
  year={2008},
  publisher={MIT Press}
}

@inproceedings{kiraz:1994,
  title={Multi-tape two-level morphology: a case study in Semitic non-linear morphology},
  author={Kiraz, George Anton},
  booktitle={Proceedings of the 15th conference on Computational linguistics-Volume 1},
  pages={180--186},
  year={1994},
  organization={Association for Computational Linguistics}
}

@article{mccarthy:1981,
  title={A prosodic theory of nonconcatenative morphology},
  author={McCarthy, John J},
  journal={Linguistic inquiry},
  volume={12},
  pages={373-418},
  year={1981}
}

@book{bishop:2006,
  title={Pattern recognition and machine learning},
  author={Bishop, Christopher M},
  year={2006},
  publisher={Springer},
  address = {New York}
}

@article{snoeck-et-al:2012,
  title={Nonparametric guidance of autoencoder representations using label information},
  author={Snoek, Jasper and Adams, Ryan P and Larochelle, Hugo},
  journal={Journal of Machine Learning Research},
  volume={13},
  pages={2567--2588},
  year={2012}
}

@inproceedings{elghamry:2005,
  title={A Constraint-based Algorithm for the Identification of Arabic Roots},
  author={Elghamry, Khaled},
  booktitle={Proceedings of the Midwest Computational Linguistics Colloquium},
  year={2005},
  organization={Indiana University}
}

@article{spiegler-et-al:2010,
  title={Unsupervised word decomposition with the Promodes algorithm},
  author={Spiegler, Sebastian and Golenia, Bruno and Flach, Peter},
  journal={Multilingual Information Access Evaluation I. Text Retrieval Experiments},
  pages={625--632},
  year={2010},
  publisher={Springer}
} 

  @inproceedings{baroni-et-al:2002,
  title={Unsupervised discovery of morphologically related words based on orthographic and semantic similarity},
  author={Baroni, Marco and Matiasek, Johannes and Trost, Harald},
  booktitle={Proceedings of the ACL-02 workshop on Morphological and phonological learning-Volume 6},
  pages={48--57},
  year={2002},
  organization={Association for Computational Linguistics}
}

@ARTICLE{harris:1955,
    author = {Harris, Zellig S},
    title = {From Phonemes to Morphemes},
    journal = {Language},
    year = {1955},
    volume = {31},
    number={2},
    pages = {190--222}
}

@article{harris:1968,
  title={Recurrent dependence process: Morphemes by phoneme neighbors},
  author={Harris, Zellig S},
  journal={Mathematical Structures of Language},
  volume={21},
  pages={24--28},
  year={1968}
}

@article{creutz-and-lagus:2007,
  title={Unsupervised models for morpheme segmentation and morphology learning},
  author={Creutz, Mathias and Lagus, Krista},
  journal={ACM Transactions on Speech and Language Processing},
  volume={4},
  number={1},
  pages={3},
  year={2007}
}

@INPROCEEDINGS{creutz:2003,
    title = {Unsupervised segmentation of words using prior distributions of morph length and frequency},
author = {Mathias Creutz},
    booktitle = {Proceedings of the Association for Computational Linguistics ({ACL})},
    year = {2003},
    pages = {280--287}
}

@INPROCEEDINGS{creutz-and-lagus:2005,
    author = {Mathias Creutz and Krista Lagus},
    title = {Inducing the Morphological Lexicon of a Natural Language from Unannotated Text},
    booktitle = {In Proceedings of the International and Interdisciplinary Conference on Adaptive Knowledge Representation and Reasoning {AKRR}’05},
    year = {2005},
    pages = {106--113}
}


@MISC{creutz-and-lagus:2002,
    author = {Mathias Creutz and Krista Lagus},
    title = {Unsupervised Discovery of Morphemes},
    booktitle = {In Proceedings of the 6th Workshop of the ACL Special Interest Group in Computational Phonology (SIGPHON)},
    year = {2002},
    pages = {21--30},
    address = {Philadelphia}
}

@INPROCEEDINGS{fullwood-and-odonnell:2013,
	author={Michelle A Fullwood and Timothy J O'Donnell},
	title={Learning non-concatenative morphology},
	booktitle = {Proceedings of the Workshop on Cognitive Modeling and Computational Linguistics (CMCL)},
	pages={21--27},
	year={2013},
}

@phdthesis{tan-and-roxas:2004,
  title={FIMOLE: Filipino Morphological Learner},
  author={Tan, Mary Ann and Roxas, Rachel},
  year={2004},
  school={MS Thesis Proposal. College of Computer Studies, De La Salle University}
}

@article{kiraz:2000,
  title={Multitiered Nonlinear Morphology Using Multitape Finite Automata: A Case Study on Syriac and Arabic},
  author={Kiraz, George Anton},
  journal={Computational Linguistics},
  volume={26},
  number={1},
  pages={77--105},
  year={2000},
  publisher={ACL}
}

@article{hebrew-resources:2008,
       Author = {Itai, Alon and Wintner, Shuly},
       Journal = {Language Resources and Evaluation},
       Month = {March},
       Number = {1},
       Pages = {75-98},
       Title = {Language resources for {H}ebrew},
       Volume = {42},
       Year = {2008}
}

@article{amigo-et-al:2009,
  title={A comparison of extrinsic clustering evaluation metrics based on formal constraints},
  author={Amig{\'o}, Enrique and Gonzalo, Julio and Artiles, Javier and Verdejo, Felisa},
  journal={Information retrieval},
  volume={12},
  number={4},
  pages={461--486},
  year={2009},
  publisher={Springer}
}

@inproceedings{bagga-and-baldwin:1998,
  title={Entity-based cross-document coreferencing using the vector space model},
  author={Bagga, Amit and Baldwin, Breck},
  booktitle={Proceedings of the 36th Annual Meeting of the Association for Computational Linguistics and 17th International Conference on Computational Linguistics-Volume 1},
  pages={79--85},
  year={1998},
  organization={Association for Computational Linguistics}
}

@inproceedings{albert-et-al:2012,
  title={A morphologically annotated Hebrew CHILDES corpus},
  author={Albert, Aviad and MacWhinney, Brian and Nir, Bracha and Wintner, Shuly},
  booktitle={Proceedings of the Workshop on Computational Models of Language Acquisition and Loss},
  pages={20--22},
  year={2012},
  organization={Association for Computational Linguistics}
}

@book{macwhinney:2000b,
  title={The CHILDES project: Tools for Analyzing Talk},
  author={MacWhinney, Brian},
  edition={Third},
  year={2000},
  publisher={Lawrence Earlbaum Associates},
  address={Mahwah, NJ}
}

@inproceedings{nir-et-al:2010,
  title={A Morphologically-Analyzed {CHILDES} Corpus of Hebrew.},
  author={Nir, Bracha and MacWhinney, Brian and Wintner, Shuly},
  booktitle={LREC},
  year={2010}
}

@article{sagae-et-al:2010,
  title={Morphosyntactic annotation of {CHILDES} transcripts},
  author={Sagae, Kenji and Davis, Eric and Lavie, Alon and MacWhinney, Brian and Wintner, Shuly},
  journal={Journal of child language},
  volume={37},
  number={03},
  pages={705--729},
  year={2010},
  publisher={Cambridge Univ Press}
}

@book{macwhinney:2000a,
  title={The {CHILDES} project: The database},
  volume={2},
  author={MacWhinney, Brian},
  year={2000},
  publisher={Psychology Press}
}

@article{ni:yuan:1997,
  title={A subspace limited memory quasi-Newton algorithm for large-scale nonlinear bound constrained optimization},
  author={Ni, Q and Yuan, Y},
  journal={Mathematics of Computation of the American Mathematical Society},
  volume={66},
  number={220},
  pages={1509--1520},
  year={1997}
}

@book{aronoff:1994,
  title={Morphology by Itself: Stems and Inflectional Classes},
  author={Aronoff, Mark},
  series={Linguistic Inquiry Monograph},
  volume={22},
  year={1994},
  publisher={MIT Press},
  address = {Cambridge, MA}
}

@article{simaan-et-al:2001,
  title={Building a tree-bank of modern {H}ebrew text},
  author={Sima’an, Khalil and Itai, Alon and Winter, Yoad and Altman, Alon and Nativ, Noa},
  journal={Traitement Automatique des Langues},
  volume={42},
  number={2},
  pages={247--380},
  year={2001}
}

@article{parsons:2004,
  title={Subspace clustering for high dimensional data: a review},
  author={Parsons, Lance and Haque, Ehtesham and Liu, Huan},
  journal={ACM SIGKDD Explorations Newsletter},
  volume={6},
  number={1},
  pages={90--105},
  year={2004},
  publisher={ACM}
}

@InProceedings{botha:blunsom:13,
  author={Botha, Jan A.  and  Blunsom, Phil},
  title={Adaptor Grammars for Learning Non-Concatenative Morphology},
  booktitle={Proceedings of the 2013 Conference on Empirical Methods in Natural Language Processing (EMNLP-13)},
  month={October},
  year={2013},
  address={Seattle},
  pages={345--356}
}

@inproceedings{monson:2004,
  title={Unsupervised induction of natural language morphology inflection classes},
  author={Monson, Christian and Lavie, Alon and Carbonell, Jaime and Levin, Lori},
  booktitle={Proceedings of the 7th Meeting of the ACL Special Interest Group in Computational Phonology: Current Themes in Computational Phonology and Morphology},
  pages={52--61},
  year={2004},
  organization={Association for Computational Linguistics}
}

@phdthesis{monson:2008,
  title={Paramor: from paradigm structure to natural language morphology induction},
  author={Monson, Christian},
  year={2008},
  school={Carnegie Mellon University}
}

@inproceedings{argamon:2004,
  title={Efficient unsupervised recursive word segmentation using minimum description length},
  author={Argamon, Shlomo and Akiva, Navot and Amir, Amihood and Kapah, Oren},
  booktitle={Proceedings of the 20th international conference on Computational Linguistics},
  pages={1058},
  year={2004},
  organization={Association for Computational Linguistics}
}

@article{trier-et-al:1996,
  title={Feature extraction methods for character recognition, a survey},
  author={Trier, {\O}ivind Due and Jain, Anil K and Taxt, Torfinn},
  journal={Pattern recognition},
  volume={29},
  number={4},
  pages={641--662},
  year={1996},
  publisher={Elsevier}
}

@article{zramdini-and-ingold:1998,
  title={Optical font recognition using typographical features},
  author={Zramdini, Abdelwahab and Ingold, Rolf},
  journal={{IEEE} Transactions on pattern analysis and machine intelligence},
  volume={20},
  number={8},
  pages={877--882},
  year={1998},
  publisher={IEEE}
}

@article{dudani-et-al:1977,
  title={Aircraft identification by moment invariants},
  author={Dudani, Sahibsingh A and Breeding, Kenneth J and McGhee, Robert B},
  journal={IEEE transactions on computers},
  volume={100},
  number={1},
  pages={39--46},
  year={1977},
  publisher={IEEE}
}

@INCOLLECTION{stump:md:2016,
  title={Morphomic categories and the realization of morphosyntactic properties},
  author={Stump, Gregory},
  booktitle={The morphome debate},
  pages={175--206},
  year={2016},
  publisher={Oxford University Press}
}

@INCOLLECTION{bolozky:1997,
  title={Israeli Hebrew Phonology},
  author={Bolozky, Shmuel},
  year={1997},
  booktitle={Phonologies of Asia and Africa},
  pages={287--311},
  editor={Kaye, Alan S.},
  publisher={Eisenbrauns},
  address={Winona Lake, Indiana}
}

@article{bolozky:1982,
  title={Remarks on rhythmic stress in Modern Hebrew},
  author={Bolozky, Shmuel},
  journal={Journal of Linguistics},
  volume={18},
  number={2},
  pages={275--289},
  year={1982},
  publisher={Cambridge University Press}
}

@article{bolozky-and-schwarzwald:1990,
  title={On vowel assimilation and deletion in casual Modern Hebrew},
  author={Bolozky, Shmuel and Schwarzwald, Ora},
  year={1990},
  publisher={Melton Center for Jewish Studies (Ohio State University)}
}

@article{ravid-and-shlesinger:2001,
  title={Vowel reduction in Modern Hebrew: Traces of the past and current variation},
  author={Ravid, Dorit and Shlesinger, Yitzhak},
  journal={Folia Linguistica},
  volume={35},
  number={3-4},
  pages={371--398},
  year={2001},
  publisher={Walter de Gruyter},
  address={Berlin}
}

@INCOLLECTION{maiden:md:2016,
  title={Morphomes in diachrony},
  author={Maiden, Martin},
  booktitle={The morphome debate},
  pages={33--63},
  year={2016},
  publisher={Oxford University Press}
}

@INCOLLECTION{aronoff:md:2016,
  title={Unnatural kinds},
  author={Aronoff, Mark},
  booktitle={The morphome debate},
  pages={11--32},
  year={2016},
  publisher={Oxford University Press}
}

@INCOLLECTION{koontz:md:2016,
  title={Thoughts on Diagnosing Morphomicity: A Case Study from Ulwa},
  author={Koontz-Garboden, Andrew},
  booktitle={The morphome debate},
  pages={89--111},
  year={2016},
  publisher={Oxford University Press}
}

@INCOLLECTION{steriade:md:2016,
  title={The morpheme vs similarity-based syncretism: Latin t-stem derivatives},
  author={Steriade, Donca},
  booktitle={The morphome debate},
  pages={112--172},
  year={2016},
  publisher={Oxford University Press}
}

@INCOLLECTION{spencer:md:2016,
  title={Stems,the morphome,and meaning bearing inflection},
  author={Spencer, Andrew},
  booktitle={The morphome debate},
  pages={207--227},
  year={2016},
  publisher={Oxford University Press},
  address={Oxford}
}

@INCOLLECTION{round:md:2016,
  title={Kayardild inflectional morphotactics is morphomic},
  author={Round, Erich R},
  booktitle={The morphome debate},
  pages={228\UTF{2013}-247},
  year={2016},
  publisher={Oxford University Press},
  address={Oxford}
}

@INCOLLECTION{acquaviva:md:2016,
  title={Morphemic stem extension and the German n-declension},
  author={Acquaviva, Paolo},
  booktitle={The morphome debate},
  pages={248--275},
  year={2016},
  publisher={Oxford University Press},
  address={Oxford}
}

@INCOLLECTION{embick:md:2016,
  title={On the distribution of stem alternants: Separation and its limits},
  author={Embick, David},
  booktitle={The morphome debate},
  pages={276\UTF{2013}-305},
  year={2016},
  publisher={Oxford University Press},
  address={Oxford}
}

@book{blevins:2016,
  title={Word and paradigm morphology},
  author={Blevins, James P},
  year={2016},
  publisher={Oxford University Press},
  address={Oxford}
}

@incollection{blevins:2015,
  title={The minimal sign},
  author={Blevins, James P},
  editor={Andrew Hippisley and Gregory Stump},
  year={2015},
  booktitle={The Cambridge handbook of morphology}, 
  publisher={Cambridge University Press},
  address={Cambridge},
  address={Oxford}
}

@book{matthews:1972,
  title={Inflectional morphology: A theoretical study based on aspects of Latin verb conjugation},
  author={Matthews, Peter Hugoe},
  volume={6},
  year={1972},
  publisher={CUP Archive},
  address={Cambridge}
}

@article{corbett:1993,
  title={Network Morphology: a DATR account of Russian nominal inflection},
  author={Corbett, Greville G and Fraser, Norman M},
  journal={Journal of linguistics},
  volume={29},
  number={1},
  pages={113--142},
  year={1993},
  publisher={Cambridge University Press},
  address={Cambridge}
}

@article{stump:1991,
  title={A paradigm-based theory of morphosemantic mismatches},
  author={Stump, Gregory T},
  journal={Language},
  pages={675--725},
  year={1991}
}

@article{stump:1993,
  title={On rules of referral},
  author={Stump, Gregory T},
  journal={Language},
  pages={449--479},
  year={1993}
}

@book{stump:2001,
  title={Inflectional morphology: A theory of paradigm structure},
  author={Stump, Gregory T},
  volume={93},
  year={2001},
  publisher={Cambridge University Press},
  address={Cambridge}
}

@article{anderson:1982,
  title={Where's morphology?},
  author={Anderson, Stephen R},
  journal={Linguistic inquiry},
  volume={13},
  number={4},
  pages={571--612},
  year={1982}
}

@book{anderson:1992,
  title={A-morphous morphology},
  author={Anderson, Stephen R},
  volume={62},
  year={1992},
  publisher={Cambridge University Press},
  address={Cambridge}
}

@INCOLLECTION{bermudez-et-al:md:2016,
  title={A view of the morphome debate},
  author={Berm{\'u}dez-Otero, Ricardo and Lu{\'\i}s, Ana R},
  booktitle={The morphome debate},
  pages={309--340},
  year={2016}
}

@INCOLLECTION{harris:1967,
  author={Harris, Zellig S},
  title={Morpheme boundaries within words: Report on a computer test},
  booktitle={Transformations and Discourse Analysis Papers},
  volume={73},
  publisher={Department of Linguistics, University of Pennsylvania},
  year={1967},
  address={Philadelphia}
}

@article{stewart-and-stump:2007,
  title={Paradigm function morphology and the morphology-syntax interface},
  author={Stewart, Thomas and Stump, Gregory},
  journal={Linguistic interfaces},
  pages={383--421},
  year={2007}
}

@book{brown:2012,
  title={Network morphology: A defaults-based theory of word structure},
  author={Brown, Dunstan and Hippisley, Andrew},
  volume={133},
  year={2012},
  publisher={Cambridge University Press},
  address={Cambridge}
}

@article{faust:2013,
  title={Decomposing the feminine suffixes of {M}odern {H}ebrew: a morpho-syntactic analysis},
  author={Faust, Noam},
  journal={Morphology},
  volume={23},
  number={4},
  pages={409--440},
  year={2013},
  publisher={Springer}
}

@article{cheng-and-li:2012,
  title={An active set modified {P}olak--{R}ibiere--{P}olyak method for large-scale nonlinear bound constrained optimization},
  author={Cheng, Wanyou and Li, Donghui},
  journal={Journal of Optimization Theory and Applications},
  volume={155},
  number={3},
  pages={1084--1094},
  year={2012},
  publisher={Springer}
}

@incollection{oneill:2011,
  title={The notion of the morphome},
  author={O’Neill, Paul},
  booktitle={Morphological autonomy: Perspectives from {R}omance inflectional morphology},
  pages={70--94},
  year={2011},
  publisher={Oxford University Press},
  address={Oxford}
}

@article{esher:2014,
  title={Autonomous morphology and extramorphological coherence},
  author={Esher, Louise},
  journal={Morphology},
  volume={24},
  number={4},
  pages={325--350},
  year={2014},
  publisher={Springer}
}

@incollection{smith:2013,
  title={The morphome as a gradient phenomenon: Evidence from Romance},
  author={Smith, John Charles},
  editor={Cruschina, Silvio and Maiden, Martin and Smith, John Charles},
  booktitle={The boundaries of pure morphology: Diachronic and synchronic perspectives},
  pages={247--61},
  year={2013},
  publisher={Oxford University Press},
  address={Oxford}
}

@book{round:2012,
  title={Kayardild morphology and syntax},
  author={Round, Erich R},
  year={2012},
  publisher={Oxford University Press},
  address={Oxford}
}

@incollection{anderson:2015,
  title={The morpheme: Its nature and use},
  author={Anderson, Stephen R},
  booktitle={The Oxford handbook of inflection},
  pages={11--33},
  year={2015},
  editor={Matthew Baerman},
  publisher={Oxford University Press},
  address={Oxford} 
}

@book{blevins:2016,
  title={Word and paradigm morphology},
  author={Blevins, James P},
  year={2016},
  publisher={Oxford University Press},
  address={Oxford}
}

@article{blevins:2004,
  title={Inflection classes and economy},
  author={Blevins, James P},
  journal={Explorations in Nominal Inflection},
  pages={51--96},
  year={2004},
  publisher={Mouton de Gruyter},
  address={Berlin}
}

@article{blevins:2006,
  title={Word-based morphology},
  author={Blevins, James P},
  journal={Journal of Linguistics},
  volume={42},
  number={3},
  pages={531--573},
  year={2006},
  publisher={Cambridge University Press},
  address={Cambridge}
}

@article{bloomfield:1926,
  title={A set of postulates for the science of language},
  author={Bloomfield, Leonard},
  journal={Language},
  volume={2},
  number={3},
  pages={153--164},
  year={1926}
}

@article{saussure:1959,
  title={Cours de Linguistique G{\'e}n{\'e}rale, translated by W},
  author={Saussure, Ferdinand de},
  journal={Course in General Linguistics, Philosophical Library, New York},
  year={1959}
}

@article{anderson:2017,
  title={Words and paradigms: {P}eter {H}. {M}atthews and the development of morphological theory},
  author={Anderson, Stephen R},
  journal={Transactions of the Philological Society},
  volume={115},
  number={1},
  pages={1--13},
  year={2017}
}

@inproceedings{stump:2012,
  title={The formal and functional architecture of inflectional morphology},
  author={Stump, Gregory},
  booktitle={Mediterranean Morphology Meetings},
  volume={8},
  pages={255--271},
  year={2012}
}

@article{hockett:1947,
  title={Problems of morphemic analysis},
  author={Hockett, Charles F},
  journal={Language},
  volume={23},
  number={4},
  pages={321--343},
  year={1947}
}

@inproceedings{creutz-et-al:2006,
  title={Morfessor in the morpho challenge},
  author={Creutz, Mathias and Lagus, Krista},
  booktitle={Proceedings of the {PASCAL} Challenge Workshop on Unsupervised Segmentation of Words into Morphemes},
  pages={12--17},
  year={2006}
}

@article{virpioja:2007,
  title={Morphology-aware statistical machine translation based on morphs induced in an unsupervised manner},
  author={Virpioja, Sami and V{\"a}yrynen, Jaakko J and Creutz, Mathias and Sadeniemi, Markus},
  journal={{M}achine {T}ranslation {S}ummit {XI}},
  pages={491--498},
  year={2007}
}

@inproceedings{virpioja:2009,
  title={Unsupervised morpheme analysis with Allomorfessor},
  author={Virpioja, Sami and Kohonen, Oskar and Lagus, Krista},
  booktitle={Workshop of the Cross-Language Evaluation Forum for {E}uropean Languages},
  pages={609--616},
  year={2009},
  organization={Springer}
}

@article{deo:2007,
  title={Derivational morphology in inheritance-based lexica: Insights from P{\=a}\UTF{1E47}ini},
  author={Deo, Ashwini},
  journal={Lingua},
  volume={117},
  number={1},
  pages={175--201},
  year={2007}
}

@article{anderson:2015shorthist,
  title={A short history of morphological theory},
  author={Anderson, Stephen R},
  journal={The {O}xford Handbook of Morphological Theory},
  year={2015},
  publisher={Oxford University Press},
  address={Oxford}
}

@article{kwon-and-round:2015,
  title={Phonaesthemes in morphological theory},
  author={Kwon, Nahyun and Round, Erich R},
  journal={Morphology},
  volume={25},
  number={1},
  pages={1--27},
  year={2015},
  publisher={Springer}
}

@book{bloomfield:1933,
  title={Language history: from Language (1933 ed)},
  author={Bloomfield, Leonard},
  year={1933},
  publisher={Holt, Rinehart and Winston}
}

@article{schwarzwald:1982,
  title={Feminine Formation in Modern Hebrew},
  author={Schwarzwald, Ora},
  year={1982},
  journal={Department of Judaic and Near Eastern Languages and Literatures},
  publisher={The Ohio State University},
  address={Columbus, OH}
}

@article{halle-and-marantz:1993,
  title={Distributed Morphology and the Pieces of Inflection},
  author={Halle, Morris and Marantz, Alec},
  journal={The View from Building 20: Essays in Linguistics in Honor of Sylvain Bromberger},
  pages={111--176},
  year={1993},
  publisher={MIT Press}
}

@article{steele:1995,
  title={Towards a theory of morphological information},
  author={Steele, Susan},
  journal={Language},
  pages={260--309},
  year={1995}
}

@article{bonet:2008,
  title={Item-and-arrangement or item-and-process},
  author={Bonet, Eulalia},
  journal={Cuadernos de {L}ingu{\i}stica {XV}},
  pages={1--12},
  year={2008}
}

@article{round:2011,
  title={Morphomes as a level of representation capture unity of exponence across the inflection-derivation divide},
  author={Round, Erich R},
  journal={Linguistica},
  volume={51},
  number={1},
  pages={217--230},
  year={2011},
  publisher={University of Ljubljana, Faculty of Arts}
}

@book{round:2009,
  title={Kayardild morphology, phonology and morphosyntax},
  author={Round, Erich R},
  year={2009},
  publisher={Yale University},
  address={New {H}aven, CT}
}

@article{round:2015b,
  title={Yukulta and its relatives Kayardild and Lardil},
  author={Round, Erich R},
  year={2015},
  publisher={Edinburgh University Press},
  address={Edinburgh}
}

@incollection{round:2015,
  title={Rhizomorphomes, meromorphomes, and metamorphomes},
  author={Round, Erich R},
  booktitle={Understanding and Measuring Morphological Complexity},
  editor={Matthew Baerman and Dunstan Brown and Greville Corbett},
  year={2015},
  publisher={Oxford University Press},
  address={Oxford}
}

@incollection{maiden:2005,
  title={Morphological autonomy and diachrony},
  author={Maiden, Martin},
  booktitle={Yearbook of {M}orphology 2004},
  pages={137--175},
  year={2005},
  publisher={Springer}
}

@book{beard:1995,
  title={Lexeme-morpheme base morphology: a general theory of inflection and word formation},
  author={Beard, Robert},
  year={1995},
  publisher={{SUNY} Press},
  address={Albany}
}

@article{berman-weissenborn:1991,
  title={Acquisition of word order: A cross-linguistic study},
  author={Berman, Ruth Aronson and Weissenborn, J{\"u}rgen},
  journal={Final Report. German-Israel Foundation for Research and Development (GIF)},
  year={1991}
}

@article{albert-et-al:2013,
  title={The Hebrew {CHILDES} corpus: transcription and morphological analysis},
  author={Albert, Aviad and MacWhinney, Brian and Nir, Bracha and Wintner, Shuly},
  journal={Language resources and evaluation},
  volume={47},
  number={4},
  pages={973--1005},
  year={2013},
  publisher={Springer}
}

@article{saund:1995,
  title={A multiple cause mixture model for unsupervised learning},
  author={Saund, Eric},
  journal={Neural Computation},
  volume={7},
  number={1},
  pages={51--71},
  year={1995},
  publisher={MIT Press}
}

@article{berman:1977,
  title={Natural phonological processes at the one-word stage},
  author={Berman, Ruth Aronson},
  journal={Lingua},
  volume={43},
  number={1},
  pages={1--21},
  year={1977},
  publisher={Elsevier}
}

@book{berman-and-bolozky:1978,
  title={Modern Hebrew structure},
  author={Berman, Ruth Aronson and Bolozky, Shmuel},
  year={1978},
  publisher={University Publishing},
  address={Tel Aviv}
}

@article{berman:1985,
  title={The acquisition of Hebrew},
  author={Berman, Ruth Aronson},
  journal={The cross-linguistic study of language acquisition},
  volume={1},
  pages={255--371},
  year={1985}
}

@article{hossain-et-al:2012,
  title={Rapid feature extraction for optical character recognition},
  author={Hossain, M Zahid and Amin, M Ashraful and Yan, Hong},
  journal={arXiv preprint arXiv:1206.0238},
  year={2012}
}

@article{needleman:2000,
  title={The unicode standard},
  author={Needleman, Mark},
  journal={Serials review},
  volume={26},
  number={2},
  pages={51--54},
  year={2000},
  publisher={Taylor \& Francis}
}

@misc{berman-long-web,
  title={Berman {L}ongitudinal {C}orpus},
  author={Berman, Ruth Aronson},
  howpublished={\url{https://childes.talkbank.org/access/Other/Hebrew/BermanLong.html}},
  note={Accessed: 2016-09-13}
}

@inproceedings{meyer:2016,
  title={A Multilinear Approach to the Unsupervised Learning of Morphology},
  author={Meyer, Anthony and Dickinson, Markus},
  booktitle={Proceedings of the 14th SIGMORPHON Workshop on Computational Research in Phonetics, Phonology, and Morphology},
  pages={131--140},
  year={2016}
}

@misc{macwhinney:2017,
  title={Tools for Analyzing Talk Part 1: The CHAT Transcription Format},
  author={MacWhinney, Brian},
  year={2017},
  publisher={Carnegie}
}

@book{macwhinney:2014,
  title={The CHILDES project: Tools for analyzing talk, Volume I: Transcription format and programs},
  author={MacWhinney, Brian},
  year={2014},
  publisher={Psychology Press}
}

@incollection{ravid:2012:hist-socio,
  title={Historical and Sociolinguistic Perspectives on Hebrew},
  author={Ravid, Dorit Diskin},
  booktitle={Spelling Morphology},
  pages={73--80},
  year={2012},
  publisher={Springer}
}

@incollection{ravid:2012,
  title={The Hebrew Phonology-Orthography Interface},
  author={Ravid, Dorit Diskin},
  booktitle={Spelling Morphology},
  pages={81--96},
  year={2012},
  publisher={Springer}
}

@article{zhang-et-al:2006,
  title={A descent modified Polak--Ribi{\`e}re--Polyak conjugate gradient method and its global convergence},
  author={Zhang, Li and Zhou, Weijun and Li, Dong-Hui},
  journal={IMA Journal of Numerical Analysis},
  volume={26},
  number={4},
  pages={629--640},
  year={2006},
  publisher={Oxford University Press}
}


@incollection{schwarzwald:2001,
  title={Modern Hebrew},
  author={Schwarzwald, Ora},
  booktitle={The Semitic Languages: An International Handbook},
  pages={523-536},
  editor={Stefan Weninger},
  year={2011},
  publisher={De Gruyter Mouton}
}

@article{matras-and-schiff:2005,
  title={Spoken Israeli Hebrew Revisited: Structures and Variation},
  author={Matras, Yaron and Schiff, Leora},
  journal={Studia Semitica: The Journal of Semitic Studies Jubilee Volume},
  pages={145--191},
  year={2005}
}

@article{morag:1959,
  title={Planned and unplanned development in Modern Hebrew},
  author={Morag, Shelmo},
  journal={Lingua},
  volume={8},
  pages={247--263},
  year={1959},
  publisher={Elsevier}
}

@article{zhao-et-al:2012,
  title={Rotation-invariant image and video description with local binary pattern features},
  author={Zhao, Guoying and Ahonen, Timo and Matas, Ji{\v{r}}{\'i} and Pietikainen, Matti},
  journal={IEEE Transactions on Image Processing},
  volume={21},
  number={4},
  pages={1465--1477},
  year={2012},
  publisher={IEEE}
}

@article{montoya:2014,
  title={Getting your Gutturals out of the Mind: An Assessment of the Role of Phonology in the Patterns of Historical
Gutturals in Modern Hebrew},
  author={Montoya, Ignacio L},
  journal={University of Pennsylvania Working Papers in Linguistics},
  volume={20},
  number={1},
  pages={25},
  year={2014}
}

@article{oneill:2018,
  title={Velar allomorphy in Ibero-Romance},
  author={O’Neill, Paul},
  journal={Studies in Historical Ibero-Romance Morpho-Syntax},
  volume={16},
  pages={13},
  year={2018},
  publisher={John Benjamins Publishing Company}
}

@article{oneill:2014,
  title={Similar and differing patterns of allomorphy in the Spanish and Portuguese verbs},
  author={O’Neill, Paul},
  journal={Portuguese-Spanish Interfaces: Diachrony, synchrony, and contact},
  volume={1},
  year={2014},
  publisher={John Benjamins Publishing Company}
}
@inproceedings{bonami:2010,
  title={In how many ways can you be morphomic? Laz person marking},
  author={Bonami, Olivier and Lacroix, Ren{\'e}},
  booktitle={Talk given at the workshop ‘Perspectives on the morphome’, Coimbra},
  year={2010}
}

@article{stump:2017,
  title={The nature and dimensions of complexity in morphology},
  author={Stump, Gregory},
  journal={Annual Review of Linguistics},
  volume={3},
  pages={65--83},
  year={2017},
  publisher={Annual Reviews}
}

@phdthesis{taylor:2012,
  title={Formal relationships in the paradigm: A functional approach with a focus on the Romance verb},
  author={Taylor, Catherine},
  year={2012},
  school={University of Essex}
}

@article{oneill:2014b,
  title={The morphome in constructive and abstractive models of morphology},
  author={O’Neill, Paul},
  journal={Morphology},
  volume={24},
  number={1},
  pages={25--70},
  year={2014},
  publisher={Springer}
}

@inproceedings{bonami:2008,
  title={Paradigm shape is morphomic in Nepali},
  author={Bonami, Olivier and Boy{\'e}, Gilles},
  booktitle={13th International Morphology Meeting, Vienna},
  year={2008}
}

@incollection{brill:1999,
  title={Unsupervised learning of disambiguation rules for part-of-speech tagging},
  author={Brill, Eric and Pop, Mihai},
  booktitle={Natural language processing using very large corpora},
  pages={27--42},
  year={1999},
  publisher={Springer}
}

@inproceedings{can:2009,
  title={Unsupervised Learning of Morphology by using Syntactic Categories.},
  author={Can, Burcu and Manandhar, Suresh},
  booktitle={CLEF (Working Notes)},
  year={2009}
}

@inproceedings{rogati-et-al:2003,
  title={Unsupervised learning of arabic stemming using a parallel corpus},
  author={Rogati, Monica and McCarley, Scott and Yang, Yiming},
  booktitle={Proceedings of the 41st Annual Meeting on Association for Computational Linguistics-Volume 1},
  pages={391--398},
  year={2003},
  organization={Association for Computational Linguistics}
}

@book{waltke-and-oconnor:1990,
  title={An introduction to Biblical Hebrew syntax},
  author={Waltke, Bruce K and O'Connor, Michael Patrick and O'Connor, Caroll},
  year={1990},
  publisher={Eisenbrauns}
}

@book{naveh:2000,
  title={Early history of the alphabet},
  author={Naveh, Joseph},
  year={2000},
  publisher={Hosei University Press}
}

@article{weinberg:1975,
  title={The History of Hebrew Plene Spelling: From Antiquity to Haskalah},
  author={Weinberg, Werner},
  journal={Hebrew Union College Annual},
  volume={46},
  pages={457--487},
  year={1975}
}

@article{rendsburg:1997,
  title={Ancient Hebrew Phonology},
  author={Rendsburg, Gary A},
  journal={Phonologies of Asia and Africa},
  volume={1},
  pages={65--83},
  year={1997},
  publisher={Eisenbrauns Winona Lake},
  address={Winona Lake}
}

@article{ravid-and-bar-on:2005,
  title={Manipulating written Hebrew roots across development: The interface of semantic, phonological and orthographic factors},
  author={Ravid, Dorit and Bar-On, Amalta},
  journal={Reading and Writing},
  volume={18},
  number={3},
  pages={231--256},
  year={2005},
  publisher={Springer}
}

@article{ravid:2005,
  title={Hebrew orthography and literacy},
  author={Ravid, Dorit},
  journal={Handbook of orthography and literacy},
  pages={339--363},
  year={2005}
}

@inproceedings{mohamed-and-hinton:2010,
  title={Phone recognition using restricted boltzmann machines},
  author={Mohamed, Abdel-rahman and Hinton, Geoffrey},
  booktitle={International Conference on Acoustics Speech and Signal Processing (ICASSP)},
  pages={4354--4357},
  year={2010},
  organization={IEEE}
}

@inproceedings{salakhutdinov-et-al:2007,
  title={Restricted Boltzmann machines for collaborative filtering},
  author={Salakhutdinov, Ruslan and Mnih, Andriy and Hinton, Geoffrey},
  booktitle={Proceedings of the 24th international conference on Machine learning},
  pages={791--798},
  year={2007},
  organization={ACM}
}

@article{hinton:2002,
  title={Training products of experts by minimizing contrastive divergence},
  author={Hinton, Geoffrey E},
  journal={Neural computation},
  volume={14},
  number={8},
  pages={1771--1800},
  year={2002},
  publisher={MIT Press}
}

@techreport{smolensky:1986,
  title={Information processing in dynamical systems: Foundations of harmony theory; CU-CS-321-86},
  author={Smolensky, Paul},
  year={1986},
  institution={Colorado University at Boulder Department of Computer Science}
}

@article{newman:2002,
  title={The structure and function of networks},
  author={Newman, Mark EJ},
  journal={Computer Physics Communications},
  volume={147},
  number={1-2},
  pages={40--45},
  year={2002},
  publisher={Elsevier}
}

@article{cao-and-fleet:2014,
  title={Generalized product of experts for automatic and principled fusion of Gaussian process predictions},
  author={Cao, Yanshuai and Fleet, David J},
  journal={arXiv preprint arXiv:1410.7827},
  year={2014}
}

@article{blei-et-al:2003,
  title={Latent dirichlet allocation},
  author={Blei, David M and Ng, Andrew Y and Jordan, Michael I},
  journal={Journal of machine Learning research},
  volume={3},
  number={Jan},
  pages={993--1022},
  year={2003}
}

@inproceedings{miller-et-al:2016,
  title={Unsupervised document classification with informed topic models},
  author={Miller, Timothy and Dligach, Dmitriy and Savova, Guergana},
  booktitle={Proceedings of the 15th Workshop on Biomedical Natural Language Processing},
  pages={83--91},
  year={2016}
}

@article{hinton:1999,
  title={Products of experts},
  author={Hinton, Geoffrey E},
  year={1999},
  publisher={IET}
}

@book{goldsmith:1976,
  title={Autosegmental phonology},
  author={Goldsmith, John Anton},
  volume={159},
  year={1976},
  publisher={Indiana University Linguistics Club},
  address={Bloomington, IN}
}

@article{hager:2006,
  title={A survey of nonlinear conjugate gradient methods},
  author={Hager, William W and Zhang, Hongchao},
  journal={Pacific journal of Optimization},
  volume={2},
  number={1},
  pages={35--58},
  year={2006}
}

@book{nocedal-and-wright:1999,
  title={Numerical optimization},
  author={Nocedal, Jorge and Wright, Stephen J},
  year={1999},
  publisher={Springer},
  address={New York}
}

@inproceedings{srinivas:1993,
  title={A generalization of the noisy-or model},
  author={Srinivas, Sampath},
  booktitle={Proceedings of the Ninth international conference on Uncertainty in artificial intelligence},
  pages={208--215},
  year={1993},
  organization={Morgan Kaufmann Publishers Inc.}
}

@techreport{pearl:1988c,
  title={Probabilistic reasoning in intelligent systems; Networks of Plausible Inference},
  author={Pearl, Judea},
  year={1988}
}

@article{pearl:1988b,
  title={Probabilistic reas